<?xml version="1.0" encoding="UTF-8"?><collection xmlns="http://www.loc.gov/MARC21/slim"><record><leader>00469nam--2200169-i-4500</leader><controlfield tag="001">000015151</controlfield><controlfield tag="002">20161230</controlfield><controlfield tag="005">20161230201031</controlfield><controlfield tag="008">060222s1000------------r-----000-0-eng-d</controlfield><datafield ind1=" " ind2=" " tag="040"><subfield code="a">IFIN-HH</subfield></datafield><datafield ind1=" " ind2=" " tag="080"><subfield code="a">537.226</subfield></datafield><datafield ind1="1" ind2=" " tag="100"><subfield code="a">Burfoot, Jack C</subfield></datafield><datafield ind1="1" ind2="0" tag="245"><subfield code="a">Ferroelectrics</subfield><subfield code="b">An introduction to the physical principles</subfield><subfield code="c">Jack c. burfoot</subfield></datafield><datafield ind1=" " ind2=" " tag="260"><subfield code="a">London</subfield><subfield code="b">D.Van Nostrand Co.Ltd</subfield><subfield code="c">1967</subfield></datafield><datafield ind1=" " ind2=" " tag="300"><subfield code="a">XI + 261 P</subfield></datafield><datafield ind1=" " ind2=" " tag="852"><subfield code="a">77461</subfield><subfield code="c">537.226</subfield></datafield><datafield ind1=" " ind2=" " tag="CAT"><subfield code="a">Sys</subfield><subfield code="c">20110707</subfield><subfield code="h">152831</subfield></datafield></record></collection>